@article{frank2014,
  author  = {A. Frank and G. Hajdu},
  title   = {A Simple Algorithm and Min–Max Formula for the Inverse Arborescence Problem},
  journal = {Algorithms},
  volume  = {7},
  number  = {4},
  pages   = {637--647},
  year    = {2014},
  doi     = {10.3390/a7040637}
}

@article{chu1965,
  author  = {Chu, Y. J. and Liu, T. H.},
  title   = {On the Shortest Arborescence of a Directed Graph},
  journal = {Scientia Sinica},
  volume  = {14},
  pages   = {1396--1400},
  year    = {1965}
}

@article{hu1997strongly,
  author    = {Zhiquan Hu and Zhenhong Liu},
  title     = {A strongly polynomial algorithm for the inverse shortest arborescence problem},
  journal   = {Discrete Applied Mathematics},
  volume    = {82},
  number    = {1--3},
  pages     = {135--154},
  year      = {1998},
  publisher = {Elsevier}
}

@book{cormen2009,
  author    = {T. H. Cormen and C. E. Leiserson and R. L. Rivest and C. Stein},
  title     = {Introduction to Algorithms},
  edition   = {3rd},
  publisher = {MIT Press},
  year      = {2009}
}

@book{kleinberg2006,
  author    = {J. Kleinberg and É. Tardos},
  title     = {Algorithm Design},
  publisher = {Addison-Wesley},
  year      = {2006}
}

@book{bondy2008graph,
  author    = {Bondy, J. A. and Murty, U. S. R.},
  title     = {Graph Theory with Applications},
  publisher = {Springer},
  year      = {2008}
}

@book{schrijver2003comb,
  author    = {Schrijver, A.},
  title     = {Combinatorial Optimization: Polyhedra and Efficiency},
  publisher = {Springer},
  year      = {2003}
}

@incollection{frank1981,
  author    = {Frank, And{\'r}as},
  title     = {A Weighted Matroid Intersection Approach to {R}-Arborescences and Related Problems},
  booktitle = {Paths, Flows, and VLSI-Layout},
  editor    = {Frank, And{\'r}as and Korte, Bernhard and Nishizeki, Takao and Cook, William and others},
  publisher = {Springer},
  year      = {1981},
  note      = {Two-phase primal--dual method for minimum-cost arborescences; placeholder citation}
}

@article{edmonds1967optimum,
  author  = {Edmonds, J.},
  title   = {Optimum Branchings},
  journal = {Journal of Research of the National Bureau of Standards},
  volume  = {71B},
  pages   = {233--240},
  year    = {1967}
}

@book{west2001introduction,
  author    = {Douglas B. West},
  title     = {Introduction to Graph Theory},
  publisher = {Prentice Hall},
  year      = {2001},
  edition   = {2nd},
  isbn      = {978-0130144003}
}

@book{diestel2017graph,
  author    = {Reinhard Diestel},
  title     = {Graph Theory},
  publisher = {Springer},
  year      = {2017},
  edition   = {5th},
  isbn      = {978-3662536216}
}

@book{Sober2015,
  author    = {Elliott Sober},
  title     = {Ockham's Razors: A User's Manual},
  publisher = {Cambridge University Press},
  year      = {2015},
  isbn      = {978-1107696330}
}

@book{nemhauser1988,
  title     = {Integer and Combinatorial Optimization},
  author    = {Laurence A. Wolsey, George L. Nemhauser},
  publisher = {Wiley-Interscience},
  isbn      = {047182819X; 9780471828198},
  year      = {1988},
  series    = {Wiley Series in Discrete Mathematics and Optimization},
  edition   = {1},
  url       = {libgen.li/file.php?md5=04aee44a8e340c24fb9da464a6c0ad11}
}

@book{mayer2009multimedia,
  author    = {Richard E. Mayer},
  title     = {Multimedia Learning},
  edition   = {2nd},
  publisher = {Cambridge University Press},
  year      = {2009}
}

@article{sweller1988cognitive,
  author  = {John Sweller},
  title   = {Cognitive load during problem solving: Effects on learning},
  journal = {Cognitive Science},
  volume  = {12},
  number  = {2},
  pages   = {257--285},
  year    = {1988}
}

@article{larkin1987diagram,
  author  = {Jill H. Larkin and Herbert A. Simon},
  title   = {Why a diagram is (sometimes) worth ten thousand words},
  journal = {Cognitive Science},
  volume  = {11},
  number  = {1},
  pages   = {65--100},
  year    = {1987}
}

@article{hundhausen2002meta,
  author  = {Christopher D. Hundhausen and Sarah A. Douglas and John T. Stasko},
  title   = {A Meta-Study of Algorithm Visualization Effectiveness},
  journal = {Journal of Visual Languages \& Computing},
  volume  = {13},
  number  = {3},
  pages   = {259--290},
  year    = {2002}
}

@inproceedings{naps2003engagement,
  author    = {Thomas L. Naps and J{"u}rgen R{"o}{\ss}ling and Guido R{"o}{\ss}ling and Susan H. Rodger and Myles McNally and others},
  title     = {Exploring the Role of Visualization and Engagement in Computer Science Education},
  booktitle = {Proceedings of the 34th SIGCSE Technical Symposium on Computer Science Education},
  pages     = {131--152},
  year      = {2003},
  publisher = {ACM}
}

@book{ware2012information,
  author    = {Colin Ware},
  title     = {Information Visualization: Perception for Design},
  edition   = {3rd},
  publisher = {Morgan Kaufmann},
  year      = {2012}
}

@inproceedings{shneiderman1996eyes,
  author    = {Ben Shneiderman},
  title     = {The eyes have it: A task by data type taxonomy for information visualizations},
  booktitle = {Proceedings 1996 IEEE Symposium on Visual Languages},
  pages     = {336--343},
  year      = {1996},
  publisher = {IEEE}
}

@book{tall1991advanced,
  author    = {David Tall},
  title     = {Advanced Mathematical Thinking},
  publisher = {Kluwer Academic Publishers},
  year      = {1991}
}

@book{paivio1990,
  author    = {Allan Paivio},
  title     = {Mental Representations: A Dual Coding Approach},
  publisher = {Oxford University Press},
  year      = {1990}
}
