@book{exemplo2025,
  author    = {Autor, Exemplo},
  title     = {TÃ­tulo do Livro},
  year      = {2025},
  publisher = {Editora}
}
